%=========================================================================
% Bibliography
%=========================================================================


@string{JAN = {Jan}}
@string{FEB = {Feb}}
@string{MAR = {Mar}}
@string{APR = {Apr}}
@string{MAY = {May}}
@string{JUN = {Jun}}
@string{JUL = {Jul}}
@string{AUG = {Aug}}
@string{SEP = {Sep}}
@string{OCT = {Oct}}
@string{NOV = {Nov}}
@string{DEC = {Dec}}

@string{JAN/FEB = {Jan/Feb}}
@string{FEB/MAR = {Feb/Mar}}
@string{MAR/APR = {Mar/Apr}}
@string{APR/MAY = {Apr/May}}
@string{MAY/JUN = {May/Jun}}
@string{JUN/JUL = {Jun/Jul}}
@string{JUL/AUG = {Jul/Aug}}
@string{AUG/SEP = {Aug/Sep}}
@string{SEP/OCT = {Sep/Oct}}
@string{OCT/NOV = {Oct/Nov}}
@string{NOV/DEC = {Nov/Dec}}
@string{DEC/JAN = {Dec/Jan}}

%-------------------------------------------------------------------------
% Conference/Journal Abbreviations
%-------------------------------------------------------------------------

@string{ISCA     = {Int'l Symp. on Computer Architecture (ISCA)}}
@string{ISSCC    = {Int'l Solid-State Circuits Conf. (ISSCC)}}
@string{MICRO    = {Int'l Symp. on Microarchitecture (MICRO)}}
@string{ICS      = {Int'l Symp. on Supercomputing (ICS)}}
@string{HPCA     = {Int'l Symp. on High-Performance Computer
                     Architecture (HPCA)}}
@string{TODAES   = {ACM Trans. on Design Automation
                     of Electronic Systems (TODAES)}}
@string{HOTCHIPS = {Symp. on High Performance Chips (Hot Chips)}}
@string{ANCS     = {Symp. on Architectures for Networking
                     and Communications Systems (ANCS)}}
@string{SC       = {Int'l Conf. on High Performance Networking
                     and Computing (Supercomputing)}}
@string{TOC      = {IEEE Trans. on Computers (TOC)}}
@string{PACT     = {Int'l Conf. on Parallel Architectures and
                     Compilation Techniques (PACT)}}
@string{ASPLOS   = {Int'l Conf. on Architectural Support for Programming
                     Languages and Operating Systems (ASPLOS)}}
@string{JSSC     = {IEEE Journal of Solid-State Circuits (JSSC)}}
@string{TVLSI    = {IEEE Trans. on Very Large scale Integration
                     Systems (TVLSI)}}
@string{IPDPS    = {Int'l Parallel and Distributed Processing
                     Symp. (IPDPS)}}
@string{DAC      = {Design Automation Conference (DAC)}}
@string{ICSD     = {Symp. on Integrated Circuits and Systems
                     Design (ICSD)}}
@string{ICPP     = {Int'l Conf. on Parallel Processing (ICPP)}}
@string{CACM     = {Communications of the ACM (CACM)}}
@string{CGO      = {Int'l Symp. on Code Generation and Optimization
                     (CGO)}}
@string{TOG      = {ACM Transactions on Graphics (TOG)}}
@string{TACO     = {ACM Transactions on Architecture and Code
                     Optimization (TACO)}}


%-------------------------------------------------------------------------
% Maven VT Processor
%-------------------------------------------------------------------------


